@article{Fyfe:08,
	author={FYFE, S and WILLIAMS, C and MASON, O and PICKUP, G},
	title={Apophenia, theory of mind and schizotypy: Perceiving meaning and intentionality in randomness},
	volume={44},
	DOI={10.1016/j.cortex.2007.07.009},
	number={10},
	journal={Cortex},
	year={2008},
	pages={1316-1325}
}
