@article{Canny:86,
	author={Canny, John},
	title={A Computational Approach to Edge Detection},
	volume={PAMI-8},
	DOI={10.1109/tpami.1986.4767851},
	number={6},
	journal={IEEE Transactions on Pattern Analysis and Machine Intelligence},
	year={1986},
	pages={679-698}
}
