@article{1_cao_shi_cheng_2002,
author={Cao, L. and Shi, Z.K. and Cheng, E.K.W.},
title={Fast automatic multilevel thresholding method},
volume={38},
DOI={10.1049/el:20020594},
number={16},
journal={Electron. Lett.},
year={2002},
pages={868}
}