@article{Yan:12,
	author={Yan, Wen Zhong and Deng, Da Zhi},
	title={Study of Image Edge Detection Techniques},
	volume={505},
	DOI={10.4028/www.scientific.net/amr.505.393},
	journal={AMR},
	year={2012},
	pages={393-396}
},

@article{Saluja:13,
	author={Saluja, Sonam and Singh, Aradhana Kumari and Agrawal, Sonu},
	title={A Study of Edge-Detection Methods},
	volume={2},
	urldate={2016-1-5},
	number={1},
	journal={nternational Journal of Advanced Research in Computer and Communication Engineering},
	year={2013},
	pages={994-999}
}
