@article{Firestone:91,
	Author="Firestone, L.  and Cook, K.  and Culp, K.  and Talsania, N.  and Preston, K. ",
	Title="{{C}omparison of autofocus methods for automated microscopy}",
	Journal="Cytometry",
	Year="1991",
	Volume="12",
	Number="3",
	Pages="195--206",}

http://www.ncbi.nlm.nih.gov/pubmed/2036914
