@article{Halldorsson:15,
	title = "Advantages and challenges of microfluidic cell culture in polydimethylsiloxane devices ",
	journal = "Biosensors and Bioelectronics ",
	volume = "63",
	number = "",
	pages = "218 - 231",
	year = "2015",
	note = "",
	issn = "0956-5663",
	doi = "http://dx.doi.org/10.1016/j.bios.2014.07.029",
	url = "http://www.sciencedirect.com/science/article/pii/S0956566314005302",
	author = "Skarphedinn Halldorsson and Edinson Lucumi and Rafael Gómez-Sjöberg and Ronan M.T. Fleming",
	keywords = "Microfluidic",
	keywords = "Cell culture",
	keywords = "Polydimethylsiloxane ",}
