@book{Herold:09,
	author={Herold, K. E and Rasooly, Avraham},
	title={Lab-on-a-chip technology},
	volume={2},
	pages={269 - 284},
	place={Wymondham},
	publisher={Caister Academic},
	year={2009},}

@inbook{inbook,
	author={Herold, K. E and Rasooly, Avraham},
	title={Lab-on-a-chip technology},
	chapter=16,
	pages={269-284},
	publisher={Caister Academic},
	year=2009,
	volume=2,}
