@article{Tibshirani:11,
	author={Tibshirani, Robert},
	title={Regression shrinkage and selection via the lasso: a retrospective},
	volume={73},
	DOI={10.1111/j.1467-9868.2011.00771.x},
	number={3},
	journal={Journal of the Royal Statistical Society: Series B (Statistical Methodology)},
	year={2011},
	pages={273-282}
}
