@article{Wang:07,
	author={Wang, Hansheng and Li, Guodong and Tsai, Chih-Ling},
	title={Regression coefficient and autoregressive order shrinkage and selection via the lasso},
	volume={69},
	DOI={10.1111/j.1467-9868.2007.00577.x},
	number={1},
	journal={Journal of the Royal Statistical Society: Series B (Statistical Methodology)},
	year={2007}
}
