@book{Leica,
	title={{L}eica DMI6000 B with Adaptive Focus Control},
	edition={1},
	urldate={2016-1-2},
	publisher={Leica Microsystems},}
