@article{Parvati:08,
	author={Parvati, K. and Prakasa Rao, B. S. and Mariya Das, M.},
	title={Image Segmentation Using Gray-Scale Morphology and Marker-Controlled Watershed Transformation},
	volume={2008},
	DOI={10.1155/2008/384346},
	journal={Discrete Dynamics in Nature and Society},
	year={2008},
	pages={1-8},
}
