

@article{Peters:90,
	author={V G Peters and D R Wyman and M S Patterson and G L Frank},
	title={Optical properties of normal and diseased human breast tissues in the visible and near infrared},
	journal={Physics in Medicine and Biology},
	volume={35},
	number={9},
	pages={1317},
	url={http://stacks.iop.org/0031-9155/35/i=9/a=010},
	year={1990},
}
