@article{Poland:08,
	author = {S. P. Poland and A. J. Wright and J. M. Girkin},
	journal = {Opt. Lett.},
	keywords = {Microscopy; Dentistry; Confocal microscopy; Three-dimensional microscopy; Active or adaptive optics},
	number = {5},
	pages = {419--421},
	publisher = {OSA},
	title = {Active focus locking in an optically sectioning microscope utilizing a deformable membrane mirror},
	volume = {33},
	month = {Mar},
	year = {2008},
	url = {http://ol.osa.org/abstract.cfm?URI=ol-33-5-419},
	doi = {10.1364/OL.33.000419},}

https://www.osapublishing.org/vjbo/abstract.cfm?uri=ol-33-5-419
