%% This BibTeX bibliography file was created using BibDesk.
%% http://bibdesk.sourceforge.net/


%% Created for Nicholas Piano at 2015-09-14 10:26:48 +0100


%% Saved with string encoding Unicode (UTF-8)

@article{Carlsson:85,
	author = {K. Carlsson and P. E. Danielsson and A. Liljeborg and L. Majl\"{o}f and R. Lenz and N. {\AA}slund},
	journal = {Opt. Lett.},
	keywords = {},
	number = {2},
	pages = {53--55},
	publisher = {OSA},
	title = {Three-dimensional microscopy using a confocal laser scanning microscope},
	volume = {10},
	month = {Feb},
	year = {1985},
	url = {http://ol.osa.org/abstract.cfm?URI=ol-10-2-53},
	doi = {10.1364/OL.10.000053},
}

@article{Tsui:13,
	Author="Tsui, J. H.  and Lee, W.  and Pun, S. H.  and Kim, J.  and Kim, D. H. ",
	Title="{{M}icrofluidics-assisted in vitro drug screening and carrier production}",
	Journal="Adv. Drug Deliv. Rev.",
	Year="2013",
	Volume="65",
	Number="11-12",
	Pages="1575--1588",
	Month="Nov",
}

@article{Selinummi:09,
	author = {Selinummi, Jyrki AND Ruusuvuori, Pekka AND Podolsky, Irina AND Ozinsky, Adrian AND Gold, Elizabeth AND Yli-Harja, Olli AND Aderem, Alan AND Shmulevich, Ilya},
	journal = {PLoS ONE},
	publisher = {Public Library of Science},
	title = {Bright Field Microscopy as an Alternative to Whole Cell Fluorescence in Automated Analysis of Macrophage Images},
	year = {2009},
	month = {10},
	volume = {4},
	url = {http://dx.doi.org/10.1371%2Fjournal.pone.0007497},
	pages = {e7497},
	number = {10},
	doi = {10.1371/journal.pone.0007497},
}

@article{Reymond:13,
	Author="Reymond, N.  and d'Agua, B. B.  and Ridley, A. J. ",
	Title="{{C}rossing the endothelial barrier during metastasis}",
	Journal="Nat. Rev. Cancer",
	Year="2013",
	Volume="13",
	Number="12",
	Pages="858--870",
	Month="Dec",
}

@article{Zheng:10,
	author ="Zheng, Wenfu and Wang, Zhuo and Zhang, Wei and Jiang, Xingyu",
	title  ="A simple PDMS-based microfluidic channel design that removes bubbles for long-term on-chip culture of mammalian cells",
	journal  ="Lab Chip",
	year  ="2010",
	volume  ="10",
	issue  ="21",
	pages  ="2906-2910",
	publisher  ="The Royal Society of Chemistry",
	doi  ="10.1039/C005274D",
	url  ="http://dx.doi.org/10.1039/C005274D",
}

@inbook{Herold:09,
	author={Herold, K. E and Rasooly, Avraham},
	title={Lab-on-a-chip technology},
	chapter=16,
	pages={269-284},
	publisher={Caister Academic},
	year=2009,
	volume=2,
}

@article{Halldorsson:15,
	title = "Advantages and challenges of microfluidic cell culture in polydimethylsiloxane devices ",
	journal = "Biosensors and Bioelectronics ",
	volume = "63",
	number = "",
	pages = "218 - 231",
	year = "2015",
	note = "",
	issn = "0956-5663",
	doi = "http://dx.doi.org/10.1016/j.bios.2014.07.029",
	url = "http://www.sciencedirect.com/science/article/pii/S0956566314005302",
	author = "Skarphedinn Halldorsson and Edinson Lucumi and Rafael Gómez-Sjöberg and Ronan M.T. Fleming",
	keywords = "Microfluidic",
	keywords = "Cell culture",
	keywords = "Polydimethylsiloxane ",
}

@article{Firestone:91,
	Author="Firestone, L.  and Cook, K.  and Culp, K.  and Talsania, N.  and Preston, K. ",
	Title="{{C}omparison of autofocus methods for automated microscopy}",
	Journal="Cytometry",
	Year="1991",
	Volume="12",
	Number="3",
	Pages="195--206",
}

@article{Poland:08,
	author = {S. P. Poland and A. J. Wright and J. M. Girkin},
	journal = {Opt. Lett.},
	keywords = {Microscopy; Dentistry; Confocal microscopy; Three-dimensional microscopy; Active or adaptive optics},
	number = {5},
	pages = {419--421},
	publisher = {OSA},
	title = {Active focus locking in an optically sectioning microscope utilizing a deformable membrane mirror},
	volume = {33},
	month = {Mar},
	year = {2008},
	url = {http://ol.osa.org/abstract.cfm?URI=ol-33-5-419},
	doi = {10.1364/OL.33.000419},
}

@article{Peters:90,
	author={V G Peters and D R Wyman and M S Patterson and G L Frank},
	title={Optical properties of normal and diseased human breast tissues in the visible and near infrared},
	journal={Physics in Medicine and Biology},
	volume={35},
	number={9},
	pages={1317},
	url={http://stacks.iop.org/0031-9155/35/i=9/a=010},
	year={1990},
}

@article{Zou:05,
	Author="Zou, J.  and Ye, Y.  and Welshhans, K.  and Lurtz, M.  and Ellis, A. L.  and Louis, C.  and Rehder, V.  and Yang, J. J. ",
	Title="{{E}xpression and optical properties of green fluorescent protein expressed in different cellular environments}",
	Journal="J. Biotechnol.",
	Year="2005",
	Volume="119",
	Number="4",
	Pages="368--378",
	Month="Oct",
}

@article{Liao:01,
	author = {Ping-sung Liao and Tse-sheng Chen and Pau-choo Chung},
	title = {A fast algorithm for multilevel thresholding},
	journal = {Journal of Information Science and Engineering},
	year = {2001},
	volume = {17},
	pages = {713--727},
}

@article{Parvati:08,
	author={Parvati, K. and Prakasa Rao, B. S. and Mariya Das, M.},
	title={Image Segmentation Using Gray-Scale Morphology and Marker-Controlled Watershed Transformation},
	volume={2008},
	DOI={10.1155/2008/384346},
	journal={Discrete Dynamics in Nature and Society},
	year={2008},
	pages={1-8},
}

@article{lapotko,
	Author = {Dmitri O. Lapotko and Vladimir P. Zharov},
	Date-Added = {2015-09-14 09:19:49 +0000},
	Date-Modified = {2015-09-14 09:20:27 +0000},
	Journal = {Lasers in Surgery and Medicine},
	Title = {Spectral Evaluation of Laser-Induced Cell Damage With Photothermal Microscopy},
	Year = {2005}}

@article{fidler,
	Author = {Isaiah J. Fidler},
	Date-Added = {2015-09-14 09:18:16 +0000},
	Date-Modified = {2015-09-14 09:18:50 +0000},
	Journal = {Nature Reviews},
	Title = {The pathogenesis of cancer metastasis: the `seed and soil' hypothesis revisited},
	Year = {2003}}

@article{lindeberg,
	Author = {Tony Lindeberg and Jan-Olof Eklundh},
	Date-Added = {2015-09-14 09:16:58 +0000},
	Date-Modified = {2015-09-14 09:17:54 +0000},
	Journal = {IEEE},
	Title = {Scale detection and region extraction from a scale-space primal sketch},
	Year = {1990}}

@article{canny,
	Author = {John Canny},
	Date-Added = {2015-09-14 09:16:02 +0000},
	Date-Modified = {2015-09-14 09:16:45 +0000},
	Journal = {IEEE Transactions on pattern analysis and machine intelligence},
	Title = {A Computational Approach to Edge Detection},
	Year = {1986}}

@article{sotak,
	Author = {G. E. Sotak and K. L. Boyer},
	Date-Added = {2015-09-14 09:14:25 +0000},
	Date-Modified = {2015-09-14 09:15:48 +0000},
	Journal = {Computer vision, graphics, and image processing},
	Title = {The Laplacian-of-Gaussian Kernel: A Formal Analysis and Design Procedure for Fast, accurate Convolution and Full-Frame Output},
	Year = {1989}}

@book{alberts,
	Author = {Bruce Alberts, Dennis Bray, Karen Hopkin},
	Date-Added = {2015-09-14 08:32:54 +0000},
	Date-Modified = {2015-09-14 08:34:40 +0000},
	Editor = {Fourth Edition},
	Publisher = {Garland Science},
	Title = {Essential Cell Biology},
	Year = {2014}}

@article{haralick,
	Author = {R. M. Haralick},
	Date-Added = {2015-09-14 08:26:28 +0000},
	Date-Modified = {2015-09-14 08:27:32 +0000},
	Journal = {Computer graphics and image processing},
	Title = {Edge and region analysis for digital image data},
	Year = {1980}}

@book{glassner,
	Author = {Andrew S. Glassner},
	Date-Added = {2015-09-14 08:23:26 +0000},
	Date-Modified = {2015-09-14 08:24:33 +0000},
	Publisher = {Elsevier},
	Title = {Principles of digital image synthesis},
	Volume = {1},
	Year = {1995}}

@article{booth,
	Author = {Martin J. Booth, Mark A. A. Neil, Rimas Juskaitis},
	Date-Added = {2015-09-14 08:19:37 +0000},
	Date-Modified = {2015-09-14 08:20:48 +0000},
	Journal = {PNAS},
	Title = {Adaptive aberration correction in a confocal microscope},
	Year = {2002}}

@article{huh,
	Author = {Dongeun Huh, Geraldine A. Hamilton and Donald E. Ingber},
	Date-Added = {2015-09-14 08:09:35 +0000},
	Date-Modified = {2015-09-14 08:10:51 +0000},
	Journal = {Cell},
	Month = {December},
	Number = {12},
	Title = {From 3D cell culture to organs-on-chips},
	Volume = {21},
	Year = {2011}}

@inproceedings{liao,
	Author = {Qingmin Liao and Yingying Deng},
	Booktitle = {Biomedical Imaging, 2002. Proceedings. 2002 IEEE International Symposium on},
	Date-Added = {2015-09-14 08:06:01 +0000},
	Date-Modified = {2015-09-14 08:07:22 +0000},
	Pages = {245-248},
	Title = {An accurate segmentation method for white blood cell images},
	Year = {2002}}

@article{liu,
	Author = {Min Liua, Anirban Chakrabortya, Damanpreet Singh},
	Date-Added = {2015-09-14 04:40:11 +0000},
	Date-Modified = {2015-09-14 04:41:13 +0000},
	Journal = {Molecular Plant},
	Month = {September},
	Number = {5},
	Pages = {922-931},
	Read = {1},
	Title = {Adaptive Cell Segmentation and Tracking for Volumetric Confocal Microscopy Images of a Developing Plant Meristem},
	Volume = {4},
	Year = {2011}}

@article{zanella,
	Author = {Cecilia Zanella, Metteo Campana, Barbara Rizzi},
	Date-Added = {2015-09-14 04:33:52 +0000},
	Date-Modified = {2015-09-14 04:35:40 +0000},
	Journal = {IEEE Transactions on image processing},
	Read = {1},
	Title = {Cells Segmentation from 3-D Confocal Images of Early Zebrafish Embryogenesis},
	Year = {2009}}

@article{ali,
	Author = {Rehan Ali, Mark Gooding, T{\"u}nde Szil{\'a}gyi},
	Date-Added = {2015-09-14 04:32:21 +0000},
	Date-Modified = {2015-09-14 04:33:49 +0000},
	Journal = {Machine Vision and Applications},
	Number = {1007},
	Read = {1},
	Title = {Automatic segmentation of adherent biological cell boundaries and nuclei from brightfield microscopy images},
	Volume = {10},
	Year = {2011}}

@article{rizk,
	Author = {Aur{\'e}lien Rizk, Gr{\'e}gory Paul, Pietro Incardona},
	Date-Added = {2015-09-14 04:31:07 +0000},
	Date-Modified = {2015-09-14 04:32:16 +0000},
	Journal = {Nature Protocols},
	Number = {1038},
	Read = {1},
	Title = {Segmentation and quantification of subcellular structures in fluorescence microscopy images using Squassh},
	Volume = {10},
	Year = {2014}}

@article{arce,
	Author = {Stephan Hugo Arce, Pei Hsan Wu, Yiider Tseng},
	Date-Added = {2015-09-14 04:28:28 +0000},
	Date-Modified = {2015-09-14 04:30:56 +0000},
	Journal = {Scientific Reports},
	Number = {2266},
	Read = {1},
	Title = {Fast and accurate automated cell boundary determination for fluorescence microscopy},
	Volume = {3},
	Year = {2013}}
