@article{pmid24263189,
	Author="Reymond, N.  and d'Agua, B. B.  and Ridley, A. J. ",
	Title="{{C}rossing the endothelial barrier during metastasis}",
	Journal="Nat. Rev. Cancer",
	Year="2013",
	Volume="13",
	Number="12",
	Pages="858--870",
	Month="Dec",}

http://www.ncbi.nlm.nih.gov/pubmed/24263189
