
@article{Selinummi:09,
    author = {Selinummi, Jyrki AND Ruusuvuori, Pekka AND Podolsky, Irina AND Ozinsky, Adrian AND Gold, Elizabeth AND Yli-Harja, Olli AND Aderem, Alan AND Shmulevich, Ilya},
    journal = {PLoS ONE},
    publisher = {Public Library of Science},
    title = {Bright Field Microscopy as an Alternative to Whole Cell Fluorescence in Automated Analysis of Macrophage Images},
    year = {2009},
    month = {10},
    volume = {4},
    url = {http://dx.doi.org/10.1371%2Fjournal.pone.0007497},
    pages = {e7497},
    number = {10},
    doi = {10.1371/journal.pone.0007497}
}

http://journals.plos.org/plosone/article?id=10.1371/journal.pone.0007497
