@article{Stetler:93,
	Author="Stetler-Stevenson, W. G.  and Aznavoorian, S.  and Liotta, L. A. ",
	Title="{{T}umor cell interactions with the extracellular matrix during invasion and metastasis}",
	Journal="Annu. Rev. Cell Biol.",
	Year="1993",
	Volume="9",
	Pages="541--573",
}
