@article{Tsui:13,
   Author="Tsui, J. H.  and Lee, W.  and Pun, S. H.  and Kim, J.  and Kim, D. H. ",
   Title="{{M}icrofluidics-assisted in vitro drug screening and carrier production}",
   Journal="Adv. Drug Deliv. Rev.",
   Year="2013",
   Volume="65",
   Number="11-12",
   Pages="1575--1588",
   Month="Nov"
}

http://www.ncbi.nlm.nih.gov/pmc/articles/PMC3834230/
