@article{Zheng:10,
	author ="Zheng, Wenfu and Wang, Zhuo and Zhang, Wei and Jiang, Xingyu",
	title  ="A simple PDMS-based microfluidic channel design that removes bubbles for long-term on-chip culture of mammalian cells",
	journal  ="Lab Chip",
	year  ="2010",
	volume  ="10",
	issue  ="21",
	pages  ="2906-2910",
	publisher  ="The Royal Society of Chemistry",
	doi  ="10.1039/C005274D",
	url  ="http://dx.doi.org/10.1039/C005274D",}
