@article{Zou:05,
	Author="Zou, J.  and Ye, Y.  and Welshhans, K.  and Lurtz, M.  and Ellis, A. L.  and Louis, C.  and Rehder, V.  and Yang, J. J. ",
	Title="{{E}xpression and optical properties of green fluorescent protein expressed in different cellular environments}",
	Journal="J. Biotechnol.",
	Year="2005",
	Volume="119",
	Number="4",
	Pages="368--378",
	Month="Oct",
}

http://www.ncbi.nlm.nih.gov/pubmed/15935502
